@book{package-pseudo,
    author  = {Magnus Lie Hetland},
    title   = {pseudo},
    date    = {2023},
    url     = {https://ctan.org/pkg/pseudo},
    urldate = {2025-07-17},
    note    = {Version 1.2.3, 2023-03-21}
}
@misc{lennon,
    author    = {John Lennon},
    title     = {Beautiful Boy (Darling Boy)},
    date      = {1980},
    publisher = {Geffen Records},
    note      = {1 disco sonoro. Álbum \emph{Double Fantasy}},
}
@book{austen1813orgulho,
    title      = {Orgulho e Preconceito},
    author     = {Austen, Jane},
    date       = {1813},
    publisher  = {T. Egerton},
    location   = {Londres}
}
@thesis{ferrigno2011,
	author      = {C. R. A. Ferrigno},
	title       = {Tratamento de neoplasias ósseas apendiculares com reimplantação de enxerto ósseo autólogo autoclavado associado ao plasma rico em plaquetas},
	subtitle    = {estudo crítico na cirurgia de preservação de membro em cães},
	pages       = {128},
	type        = {Tese (Livre-Docência)},
	institution = {Faculdade de Medicina Veterinária e Zootecnia, Universidade de São Paulo},
	location    = {São Paulo},
	date        = {2011}
}
@book{ibge1993,
	author      = {{Instituto Brasileiro de Geografia e Estatística}},
	shortauthor = {IBGE},
	title       = {Normas de apresentação tabular},
	date        = {1993},
	location    = {Rio de Janeiro},
	publisher   = {IBGE},
	pages       = {62},
	edition     = {3}
}