@book{optex,
    title    = {Op\TeX},
    subtitle = {Format Based on Plain~\TeX\ and OPmac},
    author   = {Petr Olšák},
    date     = {2025},
    location = {Prague},
    url      = {https://ctan.org/pkg/optex},
    urldate  = {2025-06-27},
    note     = {Version 1.18}
}
@book{breitenlohner1998etex,
    title     = {The $\varepsilon$-\TeX\ manual},
    author    = {Peter Breitenlohner},
    date      = {1998-02},
    publisher = {Max-Planck-Institut für Physik},
    location  = {München},
    pages     = {18},
    url       = {https://ctan.org/pkg/etex},
    urldate   = {2025-06-17},
    note      = {Versão 2, atualizada em março de 2024}
}
@book{source2e,
    author  = {Johannes Braams and David Carlisle and Alan Jeffrey and
               Leslie Lamport and Frank Mittelbach and Chris Rowley and Rainer Schöpf},
    title   = {The \LaTeXe\ Sources},
    date    = {2024-11-01},
    note    = {Patch level 1},
    url     = {https://www.latex-project.org/help/documentation/source2e.pdf},
    urldate = {2025-03-22}
}
@book{olsak-2012-tex-in-nutshell,
    author    = {Petr Olšák},
    title     = {\TeX\ in a Nutshell},
    date      = {2024-05-05},
    publisher = {Czech Technical University Publishing House},
    location  = {Prague},
    url       = {https://ctan.org/pkg/tex-nutshell},
    urldate   = {2025-03-09},
}
@book{csquotes-package,
    author   = {Philipp Lehman and Joseph Wright},
    title    = {The \texttt{csquotes} package},
    subtitle = {Context Sensitive Quotation Facilities},
    date     = {2024-04-04},
    url      = {https://www.ctan.org/pkg/csquotes},
    urldate  = {2025-06-10},
    note     = {Versão v5.2o de 04~abr.~2024}
}
@book{enumitem-package,
    author  = {Javier Bezos},
    title   = {Customizing lists with the \texttt{enumitem} package},
    date    = {2025-02-06},
    url     = {https://www.ctan.org/pkg/enumitem},
    urldate = {2025-06-22},
    note    = {Versão 3.11}
}
@book{cleveref-package,
    author  = {Toby Cubitt},
    title   = {The \texttt{cleveref} package},
    date    = {2018-03-27},
    url     = {https://www.ctan.org/pkg/cleveref},
    urldate = {2025-05-30},
    note    = {Versão 0.21.4 de 27~mar.~2018}
}
@book{zref-package,
    author  = {Heiko Oberdiek},
    title   = {The \texttt{zref} package},
    date    = {2025-06-08},
    url     = {https://www.ctan.org/pkg/zref},
    urldate = {2025-06-22},
    note    = {Versão v2.36}
}
@book{longtable-package,
    author  = {David Carlisle},
    title   = {The \texttt{longtable} package},
    date    = {2024-10-27},
    url     = {https://www.ctan.org/pkg/longtable},
    urldate = {2025-03-27},
    note    = {Versão v4.22 de 27~out.~2024}
}
@book{glossaries-extra-package,
    author  = {Nicola L. C. Talbot},
    title   = {\texttt{glossaries-extra.sty} v1.54: an extension
     to the \texttt{glossaries} package},
    date    = {2025-03-18},
    url     = {https://www.ctan.org/pkg/glossaries-extra},
    urldate = {2025-03-24},
    note    = {Versão v1.54}
}
@book{glossaries-package,
    author  = {Nicola L. C. Talbot},
    title   = {User Manual for \texttt{glossaries.sty} v4.55},
    date    = {2025-03-19},
    url     = {https://www.ctan.org/pkg/glossaries},
    urldate = {2025-03-24},
    note    = {Versão v4.55}
}
@book{tabularray-package,
    author   = {Jianrui Lyu},
    title    = {Tabularray},
    subtitle = {Typeset Tabulars and Arrays with \LaTeX3},
    date     = {2024-02-16},
    url      = {https://ctan.org/pkg/tabularray},
    urldate  = {2025-03-27},
    note     = {Versão 2024A}
}
@book{icomma-package,
    author  = {Walter Schmidt},
    title   = {The \texttt{icomma} package},
    date    = {2002-03-10},
    url     = {https://www.ctan.org/pkg/icomma},
    urldate = {2025-03-24},
    note    = {Versão 2.0}
}
@book{float-package,
    author  = {Anselm Lingnau},
    title   = {An Improved Environment for Floats},
    date    = {2001-11-08},
    url     = {https://www.ctan.org/pkg/float},
    urldate = {2025-03-24},
    note    = {Versão 1.3d}
}
@book{lamport-1986-makeindex-an-index,
    author   = {Leslie Lamport},
    title    = {MakeIndex},
    subtitle = {An Index Processor For \LaTeX},
    date     = {1986-02-17},
    url      = {https://ctan.org/pkg/makeindex},
    urldate  = {2025-01-08}
}
@book{araujo-2012-a-classe-abntex2,
    author   = {Lauro César Araujo},
    title    = {A classe abntex2},
    subtitle = {Documentos técnicos e científicos brasileiros compatíveis com as normas ABNT},
    date     = {2018-11-24},
    url      = {https://ctan.org/pkg/abntex2},
    urldate  = {2025-01-06}
}
@book{lamport-1992-standard-document-classes,
    author  = {Leslie Lamport and Frank Mittelbach and Johannes Braams and {\LaTeX\ Project Team}},
    title   = {Standard Document Classes for \LaTeX\ version 2e},
    date    = {1992},
    url     = {https://ctan.org/tex-archive/macros/latex/base},
    urldate = {2025-01-05}
}
@book{eijkhout-1992-tex-by-topic,
    author    = {Viktor Eijkhout},
    title     = {\TeX\ by Topic: a \TeX nician’s reference},
    location  = {England},
    publisher = {Addison-Wesley},
    date      = {1992},
    url       = {https://www.ctan.org/pkg/texbytopic},
    urldate   = {2022-09-28}
}
@book{massago-2022-latex2e-via-exemplos,
    author   = {Sadao Massago},
    title    = {\LaTeXe\ Via Exemplos},
    location = {São Paulo},
    date     = {2022-05-17},
    url      = {https://www.ctan.org/pkg/latex-via-exemplos},
    urldate  = {2022-09-28}
}
@book{martinsen-2022-latex2e-an-unnoficial,
    author  = {Torsten Martinsen and Stephen Gilmore and Karl Berry},
    title   = {\LaTeXe: An unofficial reference manual},
    date    = {2022-05},
    url     = {https://www.ctan.org/pkg/latex2e-help-texinfo},
    urldate = {2022-09-28}
}
@book{abnt-2024-14724-trabalhos-academicos,
    author      = {{ASSOCIAÇÃO BRASILEIRA DE NORMAS TÉCNICAS}},
    shortauthor = {ABNT},
    title       = {NBR 14724},
    subtitle    = {Informação e
    Documentação --- Trabalhos acadêmicos --- Apresentação.},
    edition     = {4},
    location    = {Rio de Janeiro},
    publisher   = {ABNT},
    date        = {2024-12-16},
    pages       = {12}
}
@book{abnt-2004-12225-lombada,
    author      = {{ASSOCIAÇÃO BRASILEIRA DE NORMAS TÉCNICAS}},
    shortauthor = {ABNT},
    title       = {NBR 12225},
    subtitle    = {Informação e
    Documentação --- Lombada --- Apresentação.},
    edition     = {2},
    location    = {Rio de Janeiro},
    publisher   = {ABNT},
    date        = {2004},
    pages       = {7}
}
@book{abnt-2021-6028-resumo-resenha-recensao,
    author      = {{ASSOCIAÇÃO BRASILEIRA DE NORMAS TÉCNICAS}},
    shortauthor = {ABNT},
    title       = {NBR 6028},
    subtitle    = {Informação e
    Documentação --- Resumo, resenha e recensão --- Apresentação.},
    edition     = {2},
    location    = {Rio de Janeiro},
    publisher   = {ABNT},
    date        = {2021},
    pages       = {7}
}
@book{abnt-2012-6027-sumario,
    author      = {{ASSOCIAÇÃO BRASILEIRA DE NORMAS TÉCNICAS}},
    shortauthor = {ABNT},
    title       = {NBR 6027},
    subtitle    = {Informação e
    Documentação --- Sumário --- Apresentação.},
    edition     = {2},
    location    = {Rio de Janeiro},
    publisher   = {ABNT},
    date        = {2012},
    pages       = {7}
}
@book{abnt-2018-6023-referencias,
    author      = {{ASSOCIAÇÃO BRASILEIRA DE NORMAS TÉCNICAS}},
    shortauthor = {ABNT},
    title       = {NBR 6023},
    subtitle    = {Informação e
    Documentação --- Referências --- Elaboração.},
    edition     = {2},
    location    = {Rio de Janeiro},
    publisher   = {ABNT},
    date        = {2018},
    pages       = {74}
}
@book{abnt-2023-10520-citacoes,
    author      = {{ASSOCIAÇÃO BRASILEIRA DE NORMAS TÉCNICAS}},
    shortauthor = {ABNT},
    title       = {NBR 10520},
    subtitle    = {Informação e
    Documentação --- Citações em documentos --- Elaboração.},
    edition     = {2},
    location    = {Rio de Janeiro},
    publisher   = {ABNT},
    date        = {2023},
    pages       = {23}
}
@book{abnt-2019-5892-representacao-e-formatos-de-tempo,
    author      = {{ASSOCIAÇÃO BRASILEIRA DE NORMAS TÉCNICAS}},
    shortauthor = {ABNT},
    title       = {NBR 5892},
    subtitle    = {Informação e
    Documentação --- Representação e formatos de tempo --- Apresentação.},
    edition     = {2},
    location    = {Rio de Janeiro},
    publisher   = {ABNT},
    date        = {2019},
    pages       = {8}
}
@book{abnt-2012-6024-numeracao-progressiva-das,
    author      = {{ASSOCIAÇÃO BRASILEIRA DE NORMAS TÉCNICAS}},
    shortauthor = {ABNT},
    title       = {NBR 6024},
    subtitle    = {Informação e
    Documentação --- Numeração progressiva das seções de um documento --- Apresentação.},
    edition     = {2},
    location    = {Rio de Janeiro},
    publisher   = {ABNT},
    date        = {2012},
    pages       = {8}
}
@book{ibge-1993-normas-de-apresentacao,
    author      = {{Instituto Brasileiro de Geografia e Estatística}},
    shortauthor = {IBGE},
    title       = {Normas de apresentação tabular},
    date        = {1993},
    location    = {Rio de Janeiro},
    publisher   = {IBGE},
    pages       = {62},
    edition     = {3}
}